<?xml version="1.0" encoding="UTF-8"?><collection xmlns="http://www.loc.gov/MARC21/slim"><record><leader>00339nam--2200133-i-4500</leader><controlfield tag="001">000017058</controlfield><controlfield tag="002">20161230</controlfield><controlfield tag="005">20161230201032</controlfield><controlfield tag="008">060222s1000------------r-----000-0-eng-d</controlfield><datafield ind1=" " ind2=" " tag="080"><subfield code="a">621.311.2. 621.039.8</subfield></datafield><datafield ind1=" " ind2=" " tag="100"><subfield code="a">Corliss William R. And Mead Robert L</subfield></datafield><datafield ind1=" " ind2=" " tag="245"><subfield code="a">Power from radioisotopes</subfield></datafield><datafield ind1=" " ind2=" " tag="260"><subfield code="a">Oak Ridge, 1971 54 P</subfield></datafield><datafield ind1=" " ind2=" " tag="852"><subfield code="a">12400</subfield></datafield></record></collection>